<record><leader>00000cas a22000007a 4500</leader><controlfield tag="001">21025513</controlfield><controlfield tag="008">900209d19301945aruwr ne      0    0eng d</controlfield><datafield ind1=" " ind2=" " tag="010"><subfield code="a">sn 90050042 </subfield></datafield><datafield ind1=" " ind2=" " tag="040"><subfield code="a">ANU</subfield><subfield code="b">eng</subfield><subfield code="c">ANU</subfield><subfield code="d">OCLCQ</subfield></datafield><datafield ind1=" " ind2=" " tag="042"><subfield code="a">msc</subfield></datafield><datafield ind1="0" ind2="0" tag="245"><subfield code="a">Mt. Magazine rural record.</subfield></datafield><datafield ind1="3" ind2="0" tag="246"><subfield code="a">Mount Magazine rural record</subfield></datafield><datafield ind1=" " ind2=" " tag="260"><subfield code="a">Eastend Mt. Magazine, Havana Post Office, Ark. :</subfield><subfield code="b">Samuel J. Barber</subfield></datafield><datafield ind1=" " ind2=" " tag="300"><subfield code="a">v.</subfield></datafield><datafield ind1=" " ind2=" " tag="310"><subfield code="a">Weekly</subfield></datafield><datafield ind1="0" ind2=" " tag="362"><subfield code="a">7th year, no. 11 (Apr. 3, 1930)-22nd year, no. 11 (Mar. 29, 1945).</subfield></datafield><datafield ind1=" " ind2=" " tag="500"><subfield code="a">Published at Danville, Ark., May 30, 1940-Mar. 29, 1945.</subfield></datafield><datafield ind1=" " ind2=" " tag="752"><subfield code="a">United States</subfield><subfield code="b">Arkansas</subfield><subfield code="c">Yell</subfield><subfield code="d">Danville.</subfield></datafield><datafield ind1=" " ind2=" " tag="752"><subfield code="a">United States</subfield><subfield code="b">Arkansas</subfield><subfield code="c">Yell</subfield><subfield code="d">Magazine Mountain.</subfield></datafield><datafield ind1="0" ind2="0" tag="780"><subfield code="t">Rural record (Magazine Mountain, Ark.)</subfield><subfield code="w">(DLC)sn 90050041</subfield></datafield><datafield ind1="0" ind2="7" tag="785"><subfield code="t">Danville Democrat (Dardanelle, Ark. : 1930)</subfield><subfield code="w">(DLC)sn 89051002</subfield></datafield><datafield ind1="0" ind2="7" tag="785"><subfield code="t">Mt. Magazine rural record and the Danville Democrat</subfield><subfield code="w">(DLC)sn 90050044</subfield></datafield></record>